@article{krick2001sharp,
  title={Sharp estimates for the arithmetic Nullstellensatz},
  author={Krick, Teresa and Pardo, Luis Miguel and Sombra, Mart{\'\i}n},
  journal={Duke Mathematical Journal},
  volume={109},
  number={3},
  pages={521--598},
  year={2001},
  publisher={Duke University Press}
}
@inproceedings{krick1991algorithm,
  title={An algorithm for the computation of the radical of an ideal in the ring of polynomials},
  author={Krick, Teresa and Logar, Alessandro},
  booktitle={International Symposium on Applied Algebra, Algebraic Algorithms, and Error-Correcting Codes},
  pages={195--205},
  year={1991},
  organization={Springer}
}
@book{spivak2018calculus,
  title={Calculus on manifolds: a modern approach to classical theorems of advanced calculus},
  author={Spivak, Michael},
  year={2018},
  publisher={CRC press}
}